
%%%
%%% SAMPLE!!!! please adjust to your needs!!
%%% 
@inproceedings{Braun:2010,
author = {L Braun and G M\"unz and G Carle},
booktitle = {Proceedings of IEEE/IFIP Network Operations and Management Symposium (NOMS 2010)},
title = {Packet sampling for worm and botnet detection in TCP connections},
year = {2010},
}

@misc{rfc3626,
  author="T. Clausen and P. Jacquet",
  title="{Optimized Link State Routing Protocol (OLSR)}",
  series="Request for Comments",
  number="3626",
  howpublished="RFC 3626 (Experimental)",
  publisher="IETF",
  organization="Internet Engineering Task Force",
  year=2003,
  month=oct,
    url="http://www.ietf.org/rfc/rfc3626.txt",
}

@misc{batman,
  author={A. Neumann and C. Aichele and M. Lindner and S. Wunderlich},
  title={Better Approach To Mobile Ad-hoc Networking (B.A.T.M.A.N.)},
  howpublished={{http://tools.ietf.org/html/draft-wunderlich-openmesh-manet-routing-00}},
  year=2008,
  month=apr,
}

@INPROCEEDINGS{Deri04,
    author = {Luca Deri},
    title = {Improving Passive Packet Capture: Beyond Device Polling},
    booktitle = {Proceedings of the Fourth International System Administration and Network Engineering Conference (SANE 2004)},
    year = {2004},
    location = {Amsterdam, The Netherlands},
    month = sep,
}

@misc{rfc5101,
  author="B. Claise",
  title="{Specification of the IP Flow Information Export (IPFIX) Protocol for the Exchange of IP Traffic Flow Information}",
  series="Request for Comments",
  number="5101",
  howpublished="RFC 5101",
  publisher="IETF",
  organization="Internet Engineering Task Force",
  year=2008,
  month=jan,
    url="http://www.ietf.org/rfc/rfc5101.txt",
}

@misc{muenz-compression,
  author = {{G. M\"unz and L. Braun}},
  title = {Lossless Compression for IP Flow Information Export (IPFIX)},
  howpublished = {https://tools.ietf.org/html/draft-muenz-ipfix-compression-00},
  year = 2008,
  month = jul,
}
@misc{funkfeuer,
   author = {{Funkfeuer}},
   title       = {http://www.funkfeuer.at/}, 
   url         = {http://www.funkfeuer.at/},
   year = 2011,
  month = apr,
}
@misc{freifunk,
   author = {{Freifunk}},
   title       = {http://www.freifunk.net/}, 
   url         = {http://www.freifunk.net/},
   year = 2011,
  month = apr,
}
@ARTICLE{Viennot2004,
  author = {Viennot, Laurent and Jacquet, Philippe and Clausen, Thomas Heide},
  title = {Analyzing Control Traffic Overhead versus Mobility and Data Traffic
	Activity in Mobile Ad-Hoc Network Protocols},
  journal = {ACM Wireless Networks Journal (Winet)},
  year = {2004},
  volume = {10},
  pages = {447--455},
  number = {4},
  address = {Hingham, MA, USA},
  doi = {http://dx.doi.org/10.1023/B:WINE.0000028548.44719.fe},
  file = {:D\:\\MY_LYBRARY\\Routing_Overhead\\top_clausen_routing_overhead.pdf:PDF;:D\:\\Exchange\\MY_LYBRARY\\Routing_Overhead\\p447-viennot.pdf:PDF},
  issn = {1022-0038},
  keywords = {routing overhead aodv dsr olsr comparison analysis top overhead routing
	mobility traffic},
  owner = {rmaklein},
  publisher = {Kluwer Academic Publishers},
  timestamp = {2009.10.20}
}
@INPROCEEDINGS{Klein2008,
  author = {Klein, A.},
  title = {Performance Comparison and Evaluation of {AODV}, {OLSR}, and {SBR}
	in Mobile Ad-hoc Networks},
  booktitle = {Proc. 3rd International Symposium on Wireless Pervasive Computing
	ISWPC 2008},
  year = {2008},
  pages = {571--575},
  month = {May},
  doi = {10.1109/ISWPC.2008.4556273},
  owner = {Alexander Klein},
  timestamp = {2009.09.05}
}
