@string {I_PolarSSL =
    {\hyperref{http://polarssl.org/}{}{}{PolarSSL}}
}
@string {I_Wikipedia =
    {\hyperref{http://wikipedia.org/}{}{}{Wikipedia}}
}
@string {J_TOMACS =
    {\hyperref{http://tomacs.acm.org/}{}{}{ACM}
     \hyperref{http://tomacs.acm.org/}{}{}{Transactions}
     \hyperref{http://tomacs.acm.org/}{}{}{on}
     \hyperref{http://tomacs.acm.org/}{}{}{Modeling}
     \hyperref{http://tomacs.acm.org/}{}{}{and}
     \hyperref{http://tomacs.acm.org/}{}{}{Computer}
     \hyperref{http://tomacs.acm.org/}{}{}{Simulation}}
}

@inproceedings{HDWH12,
   author    = {Nadia Heninger and Zakir Durumeric and Eric Wustrow
                and J. Alex Halderman},
   title     = {Mining Your {P}s and {Q}s: {D}etection of Widespread Weak Keys
                in Network Devices},
  booktitle  = {Proceedings of the 21st {USENIX} Security Symposium},
  month      = aug,
  year       = {2012},
  url        = {https://factorable.net/weakkeys12.extended.pdf},
}

@techreport{Wikipedia:/dev/random,
   key       = {Wikipedia:/dev/random},
   title     = {/dev/random},
   institution = I_Wikipedia,
   year      = {2013},
   month     = Dec,
   type      = {Wikipedia},
   url       = {http://en.wikipedia.org/wiki/dev/random},
   note      = {Accessed 2013-12-06},
}

@article{SS03,
   author    = {A. Seznec and N. Sendrier},
   title     = {{HAVEGE}: a user-level software heuristic for generating
                empirically strong random numbers},
   journal   = J_TOMACS,
   year      = {2003},
   volume    = {13},
   number    = {4},
   month     = Oct,
   pages     = {334-346},
   url       = {http://www.irisa.fr/caps/projects/hipsor/scripts/down.php?id=13781296&ext=.pdf},
}

@techreport{Eng11,
   author    = {Jakob Engblom},
   title     = {Evaluating {HAVEGE} Randomness},
   year      = {2011},
   month     = Feb,
   type      = {Blog: Observations from Uppsala},
   url       = {http://jakob.engbloms.se/archives/1374},
}

@techreport{POL11,
   key       = {POL},
   title     = {Weak random number generation within virtualized
                environments},
   institution = I_PolarSSL,
   year      = {2011},
   month     = Dec,
   type      = {Security Advisory},
   number    = {2011-02},
   url       = {https://polarssl.org/tech-updates/security-advisories/polarssl-security-advisory-2011-02},
}

@techreport{HAV13a,
   key       = {HAV},
   title     = {haveged -- A simple entropy daemon},
   year      = {2013},
   month     = Dec,
   type      = {Software Homepage},
   url       = {http://www.issihosts.com/haveged/},
   note      = {Accessed 2013-12-06},
}

@techreport{HAV13b,
   key       = {HAV},
   title     = {haveged -- A simple entropy daemon: Runtime Testing},
   year      = {2013},
   month     = Dec,
   type      = {Technical Background},
   url       = {http://www.issihosts.com/haveged/},
   note      = {Accessed 2013-12-06},
}

